<?xml version="1.0" encoding="UTF-8"?><record xmlns="http://www.loc.gov/MARC21/slim" xmlns:cinclude="http://apache.org/cocoon/include/1.0" xmlns:zs="http://www.loc.gov/zing/srw/">
  <leader>00396nz  a2200133n  4500</leader>
  <controlfield tag="001">no2012097222</controlfield>
  <controlfield tag="003">DLC</controlfield>
  <controlfield tag="005">20120720075317.0</controlfield>
  <controlfield tag="008">120718n| acannaabn          |n aaa     c</controlfield>
  <datafield tag="010" ind1=" " ind2=" ">
    <subfield code="a">no2012097222</subfield>
  </datafield>
  <datafield tag="035" ind1=" " ind2=" ">
    <subfield code="a">(OCoLC)oca09253462</subfield>
  </datafield>
  <datafield tag="040" ind1=" " ind2=" ">
    <subfield code="a">WaU</subfield>
    <subfield code="b">eng</subfield>
    <subfield code="c">WaU</subfield>
  </datafield>
  <datafield tag="100" ind1="1" ind2=" ">
    <subfield code="a">Terzi, Evimaria</subfield>
  </datafield>
  <datafield tag="670" ind1=" " ind2=" ">
    <subfield code="a">Privacy in social networks, c2012, via WWW, July 18, 2012:</subfield>
    <subfield code="b">PDF t.p. (Evimaria Terzi; Boston University)</subfield>
  </datafield>
</record>